<record><leader>00000cas a22000007a 4500</leader><controlfield tag="001">11958886</controlfield><controlfield tag="008">850424d19161969iauwr ne      0    0eng d</controlfield><datafield ind1=" " ind2=" " tag="010"><subfield code="a">sn 85049578 </subfield></datafield><datafield ind1=" " ind2=" " tag="040"><subfield code="a">INP</subfield><subfield code="b">eng</subfield><subfield code="c">INP</subfield><subfield code="d">OCL</subfield><subfield code="d">OCLCQ</subfield></datafield><datafield ind1=" " ind2=" " tag="042"><subfield code="a">msc</subfield></datafield><datafield ind1="0" ind2="0" tag="245"><subfield code="a">Benton County star.</subfield></datafield><datafield ind1=" " ind2=" " tag="260"><subfield code="a">Norway, Iowa :</subfield><subfield code="b">A.P. and L.A. Hughes,</subfield><subfield code="c">-1969.</subfield></datafield><datafield ind1=" " ind2=" " tag="300"><subfield code="a">v. :</subfield><subfield code="b">ill.</subfield></datafield><datafield ind1=" " ind2=" " tag="310"><subfield code="a">Weekly</subfield></datafield><datafield ind1="1" ind2=" " tag="362"><subfield code="a">Began in 1916?</subfield><subfield code="z">Bibl. of Iowa newspapers.</subfield></datafield><datafield ind1="0" ind2=" " tag="362"><subfield code="a">-v. 16, no. 32 (Feb. 6, 1969).</subfield></datafield><datafield ind1=" " ind2=" " tag="580"><subfield code="a">Merged with: Benton community forum, and: Blairstown press (Blairstown, Iowa : 1919), to form: South Benton star-press.</subfield></datafield><datafield ind1=" " ind2=" " tag="588"><subfield code="a">Description based on: Vol. 29, no. 41 (Feb. 28, 1929).</subfield></datafield><datafield ind1=" " ind2=" " tag="752"><subfield code="a">United States</subfield><subfield code="b">Iowa</subfield><subfield code="c">Benton</subfield><subfield code="d">Norway.</subfield></datafield><datafield ind1="1" ind2="7" tag="785"><subfield code="t">Benton community forum</subfield><subfield code="w">(DLC)sn 85050840</subfield></datafield><datafield ind1="1" ind2="7" tag="785"><subfield code="t">Blairstown press (Blairstown, Iowa : 1919)</subfield><subfield code="w">(DLC)sn 85049580</subfield></datafield><datafield ind1="1" ind2="7" tag="785"><subfield code="t">South Benton star-press</subfield><subfield code="w">(DLC)sn 85049797</subfield></datafield></record>